@book{bird2009natural,
  title =       {Natural Language Processing with {P}ython: Analyzing Text with 
                the Natural Language Toolkit},
  author =      {Bird, Steven and Klein, Ewan and Loper, Edward},
  year =        {2009},
  publisher =   {" O'Reilly Media, Inc."}
}

@article{cormack2008,
  title	=		   {Email Spam Filtering: A Systematic Review},
  author =		{Cormack, Gordon V},
  journal=		{Foundations and Trends{\textregistered} in Information Retrieval},
  volume =		{1},
  number =		{4},
  pages =		   {335--455},
  year =		  {2008},
  publisher =	{Now Publishers, Inc.}
}

@article{geurts2006extremely,
  title =       {Extremely Randomized Trees},
  author =      {Geurts, Pierre and Ernst, Damien and Wehenkel, Louis},
  journal =     {Machine Learning},
  volume =      {63},
  number =      {1},
  pages =       {3--42},
  year =        {2006},
  publisher =   {Springer}
}

@article{pedregosa2011scikit,
  title =		 {{S}cikit-learn: Machine Learning in {P}ython},
  author =		{Pedregosa, Fabian and Varoquaux, 
  				    Ga{\"e}l and Gramfort, Alexandre and Michel, 
  				    Vincent and Thirion, Bertrand and Grisel, Olivier and Blondel, 
  				    Mathieu and Prettenhofer, Peter and Weiss, Ron and Dubourg, 
  				    Vincent and others},
  journal =		{Journal of Machine Learning Research},
  volume =		{12},
  number =		{Oct},
  pages =		 {2825--2830},
  year =		  {2011}
}

@article{sparck1972statistical,
  title =     {A Statistical Interpretation of Term Specificity and Its 
              Application in Retrieval},
  author =    {Sparck Jones, Karen},
  journal =   {Journal of Documentation},
  volume =    {28},
  number =    {1},
  pages =     {11--21},
  year =      {1972},
  publisher = {MCB UP Ltd}
}