@article{cormack2008email,
  title =			{Email spam filtering: A systematic review},
  author =			{Cormack, Gordon V and others},
  journal =			{Foundations and Trends{\textregistered} in Information Retrieval},
  volume =			{1},
  number =			{4},
  pages =			{335--455},
  year =			{2008},
  publisher =		{Now Publishers, Inc.}
}